@article{moir2003defining,
  title={Defining malware: FAQ},
  author={Moir, Robert},
  journal={Microsoft Windows Server},
  year={2003}
}

@article{DBLP:journals/corr/abs-1709-08753,
  author    = {Qian Chen and
               Robert A. Bridges},
  title     = {Automated Behavioral Analysis of Malware {A} Case Study of WannaCry
               Ransomware},
  journal   = {CoRR},
  year      = {2017}
}

@book{shahi2009technology,
  title={Technology in a Changing World},
  author={Shahi, G.S. and Pang, E.F. and Fong, P.P.E.},
  isbn={9780557049707},
  url={https://books.google.co.il/books?id=ZTcIAgAAQBAJ},
  year={2009},
  publisher={Lulu Enterprises Incorporated}
}

@article{egele2012survey,
  title={A survey on automated dynamic malware-analysis techniques and tools},
  author={Egele, Manuel and Scholte, Theodoor and Kirda, Engin and Kruegel, Christopher},
  journal={ACM computing surveys (CSUR)},
  year={2012}
}

@inproceedings{Schultz:2001:DMM:882495.884439,
 author = {Schultz, Matthew G. and Eskin, Eleazar and Zadok, Erez and Stolfo, Salvatore J.},
 title = {Data Mining Methods for Detection of New Malicious Executables},
 booktitle = {Proceedings of the 2001 IEEE Symposium on Security and Privacy},
 series = {SP '01},
 year = {2001},
 pages = {38--},
 url = {http://dl.acm.org/citation.cfm?id=882495.884439},
 acmid = {884439},
 publisher = {IEEE Computer Society},
 address = {Washington, DC, USA},
} 

@article{Yuxin2017MalwareDB,
  title={Malware detection based on deep learning algorithm},
  author={Ding Yuxin and Zhu Siyi},
  journal={Neural Computing and Applications},
  year={2017}
}

@article{DBLP:journals/corr/SaxeB15,
  author    = {Joshua Saxe and
               Konstantin Berlin},
  title     = {Deep Neural Network Based Malware Detection Using Two Dimensional
               Binary Program Features},
  journal   = {CoRR},
  year      = {2015}
}

@INPROCEEDINGS{5665796,
author={R. Tian and R. Islam and L. Batten and S. Versteeg},
booktitle={2010 5th International Conference on Malicious and Unwanted Software},
title={Differentiating malware from cleanware using behavioural analysis},
year={2010}
}

@ARTICLE{2017arXiv171009435R,
   author = {{Raff}, E. and {Barker}, J. and {Sylvester}, J. and {Brandon}, R. and 
	{Catanzaro}, B. and {Nicholas}, C.},
    title = "{Malware Detection by Eating a Whole EXE}",
  journal = {ArXiv e-prints},
     year = 2017
}

@INPROCEEDINGS{7946997, 
author={X. Yuan}, 
booktitle={2017 IEEE International Conference on Smart Computing (SMARTCOMP)}, 
title={PhD Forum: Deep Learning-Based Real-Time Malware Detection with Multi-Stage Analysis}, 
year={2017}
}

@ARTICLE{2018arXiv180210135R,
   author = {{Ronen}, R. and {Radu}, M. and {Feuerstein}, C. and {Yom-Tov}, E. and 
	{Ahmadi}, M.},
    title = "{Microsoft Malware Classification Challenge}",
  journal = {ArXiv e-prints},
     year = 2018,
}

@article{guarnieri2013cuckoo,
  title={Cuckoo sandbox-open source automated malware analysis},
  author={Guarnieri, C and Schloesser, Mark and Bremer, J and Tanasi, A},
  journal={Black Hat USA},
  year={2013}
}