@article{moir2003defining,
  title={Defining malware: FAQ},
  author={Moir, Robert},
  journal={Microsoft Windows Server},
  year={2003}
}

@article{chen2017automated,
  author    = {Qian Chen and Robert A. Bridges},
  title     = {Automated Behavioral Analysis of Malware {A} Case Study of WannaCry
               Ransomware},
  journal   = {CoRR},
  year      = {2017}
}

@misc{eduard2015false,
  author    = {Eduard Kovacs},
  title     = {False Positive Alerts Cost Organizations \$1.3 Million Per Year: Report},
  year      = {2015}
}

@misc{jonathan2017survey,
  author    = {Jonathan Crowe},
  title     = {Security False Positives Cost Companies \$1.37 Million a Year on Average},
  year      = {2017}
}

@book{shahi2009technology,
  title={Technology in a Changing World},
  author={Shahi, G.S. and Pang, E.F. and Fong, P.P.E.},
  isbn={9780557049707},
  url={https://books.google.co.il/books?id=ZTcIAgAAQBAJ},
  year={2009},
  publisher={lulu.com}
}

@inproceedings{schultz2001data,
 author = {Schultz, Matthew G. and Eskin, Eleazar and Zadok, Erez and Stolfo, Salvatore J.},
 title = {Data Mining Methods for Detection of New Malicious Executables},
 booktitle = {Proceedings of the 2001 IEEE Symposium on Security and Privacy},
 year = {2001},
 pages = {38--},
} 

@INPROCEEDINGS{athiwaratkun2017malware,
    author={B. Athiwaratkun and J. W. Stokes},
    booktitle={2017 IEEE International Conference on Acoustics, Speech and Signal Processing (ICASSP)},
    title={Malware classification with LSTM and GRU language models and a character-level CNN},
    year={2017},
    pages={2482-2486},
    doi={10.1109/ICASSP.2017.7952603},
}

@INPROCEEDINGS{dahl2013large,
    author={G. E. Dahl and J. W. Stokes and L. Deng and D. Yu},
    booktitle={2013 IEEE International Conference on Acoustics, Speech and Signal Processing},
    title={Large-scale malware classification using random projections and neural networks},
    year={2013},
    pages={3422-3426},
    doi={10.1109/ICASSP.2013.6638293},
    ISSN={1520-6149},
}

@article{cohen1987computer,
  title={Computer viruses: theory and experiments},
  author={Cohen, Fred},
  journal={Computers \& security},
  volume={6},
  number={1},
  pages={22--35},
  year={1987},
  publisher={Elsevier}
}

@INPROCEEDINGS{saxe2015deep,
    author={J. Saxe and K. Berlin},
    booktitle={2015 10th International Conference on Malicious and Unwanted Software (MALWARE)},
    title={Deep neural network based malware detection using two dimensional binary program features},
    year={2015},
    pages={11-20},
    doi={10.1109/MALWARE.2015.7413680},
}

@techreport{Shafiq2009AFF,
  title={A framework for efficient mining of structural information to detect zero-day malicious portable executables},
  author={Shafiq, M Zubair and Tabish, S Momina and Mirza, Fauzan and Farooq, Muddassar},
  year={2009},
  institution={Technical Report, TR-nexGINRC-2009-21}
}

@incollection{cohen1995fast,
  title={Fast effective rule induction},
  author={Cohen, William W},
  booktitle={Machine Learning Proceedings 1995},
  pages={115--123},
  year={1995},
  publisher={Elsevier}
}

@article{kolter2006learning,
  title={Learning to detect and classify malicious executables in the wild},
  author={Kolter, J Zico and Maloof, Marcus A},
  journal={Journal of Machine Learning Research},
  volume={7},
  number={Dec},
  pages={2721--2744},
  year={2006}
}

@misc{neil2012common,
    author={Neil DuPaul},
    title={Common Malware Types: Cybersecurity 101},
    year={2012},
}

@incollection{chawla2009data,
  title={Data mining for imbalanced datasets: An overview},
  author={Chawla, Nitesh V},
  booktitle={Data mining and knowledge discovery handbook},
  pages={875--886},
  year={2009},
  publisher={Springer}
}

@misc{bruce2005sony,
    author={Bruce Schneier},
    title={Sony's DRM Rootkit: The Real Story},
    year={2005}
}

@inproceedings{shafiq2009pe,
  title={PE-miner: Mining structural information to detect malicious executables in realtime},
  author={Shafiq, M Zubair and Tabish, S Momina and Mirza, Fauzan and Farooq, Muddassar},
  booktitle={International Workshop on Recent Advances in Intrusion Detection},
  pages={121--141},
  year={2009},
}

@misc{wikipefile,
    author={Wikipedia},
    title={Portable Executable},
    year={2018},
}

@misc{wikidecesiontree,
    author={Wikipedia},
    title={Decision tree learning},
    year={2018},
}

@misc{wikian,
    author={Wikipedia},
    title={Artificial Neural Networks},
    year={2018},
}
@misc{wiki_confusion_matrix,
    author={Wikipedia},
    title={Confusion Matrix},
    year={2018},
}

@article{li2015cs231n,
  title={CS231n: Convolutional neural networks for visual recognition},
  author={Li, Fei-Fei and Karpathy, Andrej and Johnson, Justin},
  journal={University Lecture},
  year={2015}
}

@misc{martin2016machine, 
    title={Machine Learning is for Muggles too!},
    publisher={Microsoft Developer Network}, 
    author={Martin Kearn}, 
    year={2016}, 
} 

@article{biau2012analysis,
  title={Analysis of a random forests model},
  author={Biau, G{\~A}{\v{S}}rard},
  journal={Journal of Machine Learning Research},
  volume={13},
  number={Apr},
  pages={1063--1095},
  year={2012}
}

@article{mitchell1997machine,
  title={Machine learning. 1997},
  author={Mitchell, Tom M and others},
  journal={Burr Ridge, IL: McGraw Hill},
  volume={45},
  number={37},
  pages={870--877},
  year={1997}
}

@article{louppe2014understanding,
  title={Understanding random forests: From theory to practice},
  author={Louppe, Gilles},
  journal={arXiv preprint arXiv:1407.7502},
  year={2014}
}

@inproceedings{jing2010view,
  title={A view of support vector machines algorithm on classification problems},
  author={Jing, Ranzhe and Zhang, Yong},
  booktitle={Multimedia Communications (Mediacom), 2010 International Conference on},
  pages={13--16},
  year={2010},
  organization={IEEE}
}

@misc{amato2013artificial,
  title={Artificial neural networks in medical diagnosis},
  author={Amato, Filippo and L{\'o}pez, Alberto and Pe{\~n}a-M{\'e}ndez, Eladia Mar{\'\i}a and Va{\v{n}}hara, Petr and Hampl, Ale{\v{s}} and Havel, Josef},
  year={2013},
  publisher={Elsevier}
}

@article{patel2011handwritten,
  title={Handwritten character recognition using neural network},
  author={Patel, Chirag I and Patel, Ripal and Patel, Palak},
  journal={International Journal of Scientific \& Engineering Research},
  volume={2},
  number={5},
  pages={1--6},
  year={2011}
}

@article{pao1989adaptive,
  title={Adaptive pattern recognition and neural networks},
  author={Pao, Yohhan},
  year={1989},
  publisher={Reading, MA (US); Addison-Wesley Publishing Co., Inc.}
}

@book{goodfellow2016deep,
  title={Deep learning},
  author={Goodfellow, Ian and Bengio, Yoshua and Courville, Aaron and Bengio, Yoshua},
  volume={1},
  year={2016},
  publisher={MIT press Cambridge}
}

@article{rosenblatt1958perceptron,
  title={The perceptron: a probabilistic model for information storage and organization in the brain.},
  author={Rosenblatt, Frank},
  journal={Psychological review},
  volume={65},
  number={6},
  pages={386},
  year={1958},
  publisher={American Psychological Association}
}

@misc{minsky1969perceptron,
  title={Perceptron (expanded edition)},
  author={Minsky, Marvin and Papert, Seymour},
  year={1969},
  publisher={MIT Press, Cambridge, MA. Original edition published in}
}

@article{friedman2001greedy,
  title={Greedy function approximation: a gradient boosting machine},
  author={Friedman, Jerome H},
  journal={Annals of statistics},
  pages={1189--1232},
  year={2001},
  publisher={JSTOR}
}

@inproceedings{mehta1996sliq,
  title={SLIQ: A fast scalable classifier for data mining},
  author={Mehta, Manish and Agrawal, Rakesh and Rissanen, Jorma},
  booktitle={International Conference on Extending Database Technology},
  pages={18--32},
  year={1996},
  organization={Springer}
}

@inproceedings{shafer1996sprint,
  title={SPRINT: A scalable parallel classi er for data mining},
  author={Shafer, John and Agrawal, Rakesh and Mehta, Manish},
  booktitle={Proc. 1996 Int. Conf. Very Large Data Bases},
  pages={544--555},
  year={1996},
  organization={Citeseer}
}

@inproceedings{ranka1998clouds,
  title={CLOUDS: A decision tree classifier for large datasets},
  author={Ranka, Sanjay and Singh, V},
  booktitle={Proceedings of the 4th Knowledge Discovery and Data Mining Conference},
  year={1998}
}

@inproceedings{jin2003communication,
  title={Communication and memory efficient parallel decision tree construction},
  author={Jin, Ruoming and Agrawal, Gagan},
  booktitle={Proceedings of the 2003 SIAM International Conference on Data Mining},
  pages={119--129},
  year={2003},
  organization={SIAM}
}

@inproceedings{li2008mcrank,
  title={Mcrank: Learning to rank using multiple classification and gradient boosting},
  author={Li, Ping and Wu, Qiang and Burges, Christopher J},
  booktitle={Advances in neural information processing systems},
  pages={897--904},
  year={2008}
}

@article{egele2012survey,
  title={A survey on automated dynamic malware-analysis techniques and tools},
  author={Egele, Manuel and Scholte, Theodoor and Kirda, Engin and Kruegel, Christopher},
  journal={ACM computing surveys (CSUR)},
  volume={44},
  number={2},
  pages={6},
  year={2012},
  publisher={ACM}
}

@inproceedings{moser2007limits,
  title={Limits of static analysis for malware detection},
  author={Moser, Andreas and Kruegel, Christopher and Kirda, Engin},
  booktitle={Computer security applications conference, 2007. ACSAC 2007. Twenty-third annual},
  pages={421--430},
  year={2007},
  organization={IEEE}
}

@inproceedings{vidas2014evading,
  title={Evading android runtime analysis via sandbox detection},
  author={Vidas, Timothy and Christin, Nicolas},
  booktitle={Proceedings of the 9th ACM symposium on Information, computer and communications security},
  pages={447--458},
  year={2014},
  organization={ACM}
}

@inproceedings{banko2001scaling,
  title={Scaling to very very large corpora for natural language disambiguation},
  author={Banko, Michele and Brill, Eric},
  booktitle={Proceedings of the 39th annual meeting on association for computational linguistics},
  pages={26--33},
  year={2001},
  organization={Association for Computational Linguistics}
}

@inproceedings{kephart1995biologically,
  title={Biologically inspired defenses against computer viruses},
  author={Kephart, Jeffrey O and Sorkin, Gregory B and Arnold, William C and Chess, David M and Tesauro, Gerald J and White, Steve R and Watson, TJ},
  booktitle={IJCAI (1)},
  pages={985--996},
  year={1995}
}

@inproceedings{weber2002toolkit,
  title={A toolkit for detecting and analyzing malicious software},
  author={Weber, Michael and Schmid, Matthew and Schatz, Michael and Geyer, David},
  booktitle={Computer Security Applications Conference, 2002. Proceedings. 18th Annual},
  pages={423--431},
  year={2002},
  organization={IEEE}
}

@inproceedings{abou2004n,
  title={N-gram-based detection of new malicious code},
  author={Abou-Assaleh, Tony and Cercone, Nick and Keselj, Vlado and Sweidan, Ray},
  booktitle={Computer Software and Applications Conference, 2004. COMPSAC 2004. Proceedings of the 28th Annual International},
  volume={2},
  pages={41--42},
  year={2004},
  organization={IEEE}
}

@article{raff2017malware,
  title={Malware Detection by Eating a Whole EXE},
  author={Raff, Edward and Barker, Jon and Sylvester, Jared and Brandon, Robert and Catanzaro, Bryan and Nicholas, Charles},
  journal={arXiv preprint arXiv:1710.09435},
  year={2017}
}

@article{ronen2018microsoft,
  title={Microsoft Malware Classification Challenge},
  author={Ronen, Royi and Radu, Marian and Feuerstein, Corina and Yom-Tov, Elad and Ahmadi, Mansour},
  journal={arXiv preprint arXiv:1802.10135},
  year={2018}
}

@inproceedings{bayer2009scalable,
  title={Scalable, Behavior-Based Malware Clustering.},
  author={Bayer, Ulrich and Comparetti, Paolo Milani and Hlauschek, Clemens and Kruegel, Christopher and Kirda, Engin},
  booktitle={NDSS},
  volume={9},
  pages={8--11},
  year={2009},
  organization={Citeseer}
}

@inproceedings{indyk1998approximate,
  title={Approximate nearest neighbors: towards removing the curse of dimensionality},
  author={Indyk, Piotr and Motwani, Rajeev},
  booktitle={Proceedings of the thirtieth annual ACM symposium on Theory of computing},
  pages={604--613},
  year={1998},
  organization={ACM}
}

@inproceedings{jang2011bitshred,
  title={Bitshred: feature hashing malware for scalable triage and semantic analysis},
  author={Jang, Jiyong and Brumley, David and Venkataraman, Shobha},
  booktitle={Proceedings of the 18th ACM conference on Computer and communications security},
  pages={309--320},
  year={2011},
  organization={ACM}
}

@inproceedings{fradkin2003experiments,
  title={Experiments with random projections for machine learning},
  author={Fradkin, Dmitriy and Madigan, David},
  booktitle={Proceedings of the ninth ACM SIGKDD international conference on Knowledge discovery and data mining},
  pages={517--522},
  year={2003},
  organization={ACM}
}

@article{almasi2016review,
  title={Review of advances in neural networks: Neural design technology stack},
  author={Alm{\'a}si, Adela-Diana and Wo{\'z}niak, Stanis{\l}aw and Cristea, Valentin and Leblebici, Yusuf and Engbersen, Ton},
  journal={Neurocomputing},
  volume={174},
  pages={31--41},
  year={2016},
  publisher={Elsevier}
}

@inproceedings{benchea2014combining,
  title={Combining restricted boltzmann machine and one side perceptron for malware detection},
  author={Benchea, R{\u{a}}zvan and Gavrilu{\c{t}}, Drago{\c{s}} Teodor},
  booktitle={International Conference on Conceptual Structures},
  pages={93--103},
  year={2014},
  organization={Springer}
}

@article{breiman2001random,
  title={Random forests},
  author={Breiman, Leo},
  journal={Machine learning},
  volume={45},
  number={1},
  pages={5--32},
  year={2001},
  publisher={Springer}
}

@inproceedings{burguera2011crowdroid,
  title={Crowdroid: behavior-based malware detection system for android},
  author={Burguera, Iker and Zurutuza, Urko and Nadjm-Tehrani, Simin},
  booktitle={Proceedings of the 1st ACM workshop on Security and privacy in smartphones and mobile devices},
  pages={15--26},
  year={2011},
  organization={ACM}
}

@incollection{nguyen2014combination,
  title={A combination of negative selection algorithm and artificial immune network for virus detection},
  author={Nguyen, Vu Thanh and Nguyen, Toan Tan and Mai, Khang Trong and Le, Tuan Dinh},
  booktitle={Future data and security engineering},
  pages={97--106},
  year={2014},
  publisher={Springer}
}

@inproceedings{vu2017metamorphic,
  title={Metamorphic Malware Detection by PE Analysis with the Longest Common Sequence},
  author={Vu, Thanh Nguyen and Nguyen, Toan Tan and Trung, Hieu Phan and Do Duy, Thao and Van, Ke Hoang and Le, Tuan Dinh},
  booktitle={International Conference on Future Data and Security Engineering},
  pages={262--272},
  year={2017},
  organization={Springer}
}

@inproceedings{van2014semantic,
  title={Semantic set analysis for malware detection},
  author={Van Nhuong, Nguyen and Nhi, Vo Thi Yen and Cam, Nguyen Tan and Phu, Mai Xuan and Tan, Cao Dang},
  booktitle={IFIP International Conference on Computer Information Systems and Industrial Management},
  pages={688--700},
  year={2014},
  organization={Springer}
}

@inproceedings{cam2017sensitive,
  title={Sensitive Data Leakage Detection in Pre-Installed Applications of Custom Android Firmware},
  author={Cam, Nguyen Tan and Pham, Van-Hau and Nguyen, Tuan},
  booktitle={Mobile Data Management (MDM), 2017 18th IEEE International Conference on},
  pages={340--343},
  year={2017},
  organization={IEEE}
}

@article{tuan2017enhancing,
  title={Enhancing the accuracy of static analysis for detecting sensitive data leakage in Android by using dynamic analysis},
  author={Tuan, Ly Hoang and Cam, Nguyen Tan and Pham, Van-Hau},
  journal={Cluster Computing},
  pages={1--7},
  year={2017},
  publisher={Springer}
}

@inproceedings{pham2017eddleak,
  title={eddLeak: Enhancing precision of detecting inter-app data leakage in Android applications},
  author={Pham, Van-Hau and Cam, Nguyen Tan and others},
  booktitle={Communication Software and Networks (ICCSN), 2017 IEEE 9th International Conference on},
  pages={674--679},
  year={2017},
  organization={IEEE}
}

@inproceedings{laaksonen1996classification,
  title={Classification with learning k-nearest neighbors},
  author={Laaksonen, Jorma and Oja, Erkki},
  booktitle={Neural Networks, 1996., IEEE International Conference on},
  volume={3},
  pages={1480--1483},
  year={1996},
  organization={IEEE}
}

@inproceedings{ke2017lightgbm,
  title={LightGBM: A highly efficient gradient boosting decision tree},
  author={Ke, Guolin and Meng, Qi and Finley, Thomas and Wang, Taifeng and Chen, Wei and Ma, Weidong and Ye, Qiwei and Liu, Tie-Yan},
  booktitle={Advances in Neural Information Processing Systems},
  pages={3149--3157},
  year={2017},
}

@article{anderson2018ember,
  title={EMBER: An Open Dataset for Training Static PE Malware Machine Learning Models},
  author={Anderson, Hyrum S and Roth, Phil},
  journal={arXiv preprint arXiv:1804.04637},
  year={2018}
}

@misc{lief,
	author={Romain Thomas - Quarkslab},
	title={Library to Instrument Executable Formats},
	year={2017}
}

@inproceedings{weinberger2009feature,
  title={Feature hashing for large scale multitask learning},
  author={Weinberger, Kilian and Dasgupta, Anirban and Langford, John and Smola, Alex and Attenberg, Josh},
  booktitle={Proceedings of the 26th Annual International Conference on Machine Learning},
  pages={1113--1120},
  year={2009},
  organization={ACM}
}