@article{anderson2018ember,
  title={EMBER: An Open Dataset for Training Static PE Malware Machine Learning Models},
  author={Anderson, Hyrum S and Roth, Phil},
  journal={arXiv preprint arXiv:1804.04637},
  year={2018}
}

@article{cohen1987computer,
  title={Computer viruses: theory and experiments},
  author={Cohen, Fred},
  journal={Computers \& security},
  volume={6},
  number={1},
  pages={22--35},
  year={1987},
  publisher={Elsevier}
}

@article{chen2017automated,
  author    = {Qian Chen and Robert A. Bridges},
  title     = {Automated Behavioral Analysis of Malware {A} Case Study of WannaCry
               Ransomware},
  journal   = {CoRR},
  year      = {2017}
}

@article{egele2012survey,
  title={A survey on automated dynamic malware-analysis techniques and tools},
  author={Egele, Manuel and Scholte, Theodoor and Kirda, Engin and Kruegel, Christopher},
  journal={ACM computing surveys (CSUR)},
  volume={44},
  number={2},
  pages={6},
  year={2012},
  publisher={ACM}
}

@inproceedings{moser2007limits,
  title={Limits of static analysis for malware detection},
  author={Moser, Andreas and Kruegel, Christopher and Kirda, Engin},
  booktitle={Computer security applications conference, 2007. ACSAC 2007. Twenty-third annual},
  pages={421--430},
  year={2007},
  organization={IEEE}
}


@inproceedings{van2014semantic,
  title={Semantic set analysis for malware detection},
  author={Van Nhuong, Nguyen and Nhi, Vo Thi Yen and Cam, Nguyen Tan and Phu, Mai Xuan and Tan, Cao Dang},
  booktitle={IFIP International Conference on Computer Information Systems and Industrial Management},
  pages={688--700},
  year={2014},
  organization={Springer}
}

@incollection{nguyen2014combination,
  title={A combination of negative selection algorithm and artificial immune network for virus detection},
  author={Nguyen, Vu Thanh and Nguyen, Toan Tan and Mai, Khang Trong and Le, Tuan Dinh},
  booktitle={Future data and security engineering},
  pages={97--106},
  year={2014},
  publisher={Springer}
}

@inproceedings{vu2017metamorphic,
  title={Metamorphic Malware Detection by PE Analysis with the Longest Common Sequence},
  author={Vu, Thanh Nguyen and Nguyen, Toan Tan and Trung, Hieu Phan and Do Duy, Thao and Van, Ke Hoang and Le, Tuan Dinh},
  booktitle={International Conference on Future Data and Security Engineering},
  pages={262--272},
  year={2017},
  organization={Springer}
}

@inproceedings{kephart1995biologically,
  title={Biologically inspired defenses against computer viruses},
  author={Kephart, Jeffrey O and Sorkin, Gregory B and Arnold, William C and Chess, David M and Tesauro, Gerald J and White, Steve R and Watson, TJ},
  booktitle={IJCAI (1)},
  pages={985--996},
  year={1995}
}

@inproceedings{schultz2001data,
 author = {Schultz, Matthew G. and Eskin, Eleazar and Zadok, Erez and Stolfo, Salvatore J.},
 title = {Data Mining Methods for Detection of New Malicious Executables},
 booktitle = {Proceedings of the 2001 IEEE Symposium on Security and Privacy},
 year = {2001},
 pages = {38--},
} 

@article{kolter2006learning,
  title={Learning to detect and classify malicious executables in the wild},
  author={Kolter, J Zico and Maloof, Marcus A},
  journal={Journal of Machine Learning Research},
  volume={7},
  number={Dec},
  pages={2721--2744},
  year={2006}
}

@inproceedings{raff2017learning,
  title={Learning the PE Header, Malware Detection with Minimal Domain Knowledge},
  author={Raff, Edward and Sylvester, Jared and Nicholas, Charles},
  booktitle={Proceedings of the 10th ACM Workshop on Artificial Intelligence and Security},
  pages={121--132},
  year={2017},
  organization={ACM}
}

@misc{jonathan2017survey,
  author    = {Jonathan Crowe},
  title     = {Security False Positives Cost Companies \$1.37 Million a Year on Average},
  year      = {2017}
}

@article{raff2017malware,
  title={Malware Detection by Eating a Whole EXE},
  author={Raff, Edward and Barker, Jon and Sylvester, Jared and Brandon, Robert and Catanzaro, Bryan and Nicholas, Charles},
  journal={arXiv preprint arXiv:1710.09435},
  year={2017}
}

@inproceedings{saxe2015deep,
    author={J. Saxe and K. Berlin},
    booktitle={2015 10th International Conference on Malicious and Unwanted Software (MALWARE)},
    title={Deep neural network based malware detection using two dimensional binary program features},
    year={2015},
    pages={11-20},
    doi={10.1109/MALWARE.2015.7413680},
}

@article{ronen2018microsoft,
  title={Microsoft Malware Classification Challenge},
  author={Ronen, Royi and Radu, Marian and Feuerstein, Corina and Yom-Tov, Elad and Ahmadi, Mansour},
  journal={arXiv preprint arXiv:1802.10135},
  year={2018}
}

@techreport{chris2010ranknet,
author = {Burges, Chris J.C.},
title = {From RankNet to LambdaRank to LambdaMART: An Overview},
year = {2010},
month = {June},
}

@inproceedings{richardson2007predicting,
  title={Predicting clicks: estimating the click-through rate for new ads},
  author={Richardson, Matthew and Dominowska, Ewa and Ragno, Robert},
  booktitle={Proceedings of the 16th international conference on World Wide Web},
  pages={521--530},
  year={2007},
  organization={ACM}
}

@inproceedings{ke2017lightgbm,
  title={Lightgbm: A highly efficient gradient boosting decision tree},
  author={Ke, Guolin and Meng, Qi and Finley, Thomas and Wang, Taifeng and Chen, Wei and Ma, Weidong and Ye, Qiwei and Liu, Tie-Yan},
  booktitle={Advances in Neural Information Processing Systems},
  pages={3146--3154},
  year={2017}
}

@misc{eduard2015false,
  author    = {Eduard Kovacs},
  title     = {False Positive Alerts Cost Organizations \$1.3 Million Per Year: Report},
  year      = {2015}
}